<record><leader>00000cas a22000007a 4500</leader><controlfield tag="001">17244704</controlfield><controlfield tag="008">871216d19671970inuwr ne      0    0eng d</controlfield><datafield ind1=" " ind2=" " tag="010"><subfield code="a">sn 87056859 </subfield></datafield><datafield ind1=" " ind2=" " tag="040"><subfield code="a">NPI</subfield><subfield code="b">eng</subfield><subfield code="c">NPI</subfield><subfield code="d">OCLCQ</subfield></datafield><datafield ind1=" " ind2=" " tag="042"><subfield code="a">msc</subfield></datafield><datafield ind1="0" ind2=" " tag="130"><subfield code="a">Shopper (Chesterton, Ind.)</subfield></datafield><datafield ind1="1" ind2="4" tag="245"><subfield code="a">The shopper.</subfield></datafield><datafield ind1=" " ind2=" " tag="260"><subfield code="a">Chesterton, Ind. :</subfield><subfield code="b">Reder Pub. Co.</subfield></datafield><datafield ind1=" " ind2=" " tag="310"><subfield code="a">Weekly</subfield></datafield><datafield ind1="1" ind2=" " tag="362"><subfield code="a">Began in 1967? Ceased in 1970.</subfield></datafield><datafield ind1=" " ind2=" " tag="588"><subfield code="a">Description based on: Vol. 3, no. 44 (Nov. 12, 1969).</subfield></datafield><datafield ind1=" " ind2=" " tag="588"><subfield code="a">Latest issue consulted: Vol. 4, no. 9 (Mar. 4, 1970)</subfield></datafield><datafield ind1=" " ind2=" " tag="752"><subfield code="a">United States</subfield><subfield code="b">Indiana</subfield><subfield code="c">Porter</subfield><subfield code="d">Chesterton.</subfield></datafield><datafield ind1="0" ind2="0" tag="785"><subfield code="t">Times (Chesterton, Ind.)</subfield><subfield code="w">(DLC)sn 87056858</subfield></datafield></record>